
@misc{zotero-1457,
  title = {R for {{Data Science}} (2e) - 30~ {{Quarto}}},
  howpublished = {\url{https://r4ds.hadley.nz/quarto.html}}
}



@misc{zotero-1459,
  title = {Easily {{Install}} and {{Load}} the {{Tidyverse}}},
  abstract = {The tidyverse is a set of packages that work in harmony     because they share common data representations and API design. This     package is designed to make it easy to install and load multiple     tidyverse packages in a single step. Learn more about the     tidyverse at {$<$}https://www.tidyverse.org{$>$}.},
  howpublished = {\url{https://tidyverse.tidyverse.org/}},
  langid = {english}
}


